@article{kawajiri1981,
author= {河尻,正博 and 佐々木, 正 and 影山, 佳之},
sortname = {Kawajiri, Masahiro and Sasaki, Tadashi and Kageyama, Yoshiyuki},
title="下田市田牛地先における磯焼け現象とアワビ資源の変動",
journal="静岡県水産試験場研究報告",
year="1981",
volume="15",
pages="19-30",
langid = "japanese"
}

@article{serizawa2001,
author= {芹沢,如比古 and 井本,善次 and 大野,正夫},
sortname = {Serizawa, Yukihiko and Imoto, Zenji and Ohno, Masao},
title={土佐湾,手結地先における大規模な磯焼けの発生},
journal= {高知大学海洋生物研究センター研究報告},
year="2001",
volume="20",
pages="29-33",
langid = "japanese"
}

@article{tada2010,
author = {多田,邦尚 and 藤原,宗弘 and 本城,凡夫},
sortname = {Tada, Kuninao and Fujiwara, Munehiro and Honjo, Tsuneo},
title={瀬戸内海の水質環境とノリ養殖},
journal="分析化学",
year="2010",
volume="59",
number="11",
pages="945-955",
langid = "japanese"
}

@article{akaike1998,
author = {赤池, 章一 and 菊地,和夫 and 門間,春博 and 野澤,靖},
sortname = {Akaike, Shoichi and Kikuchi, Kazuo and Monma, Haruhiro and Nozawa, Yasushi},
title = {1年目リシリコンブ胞子体の生長に及ぼす窒素, リン添加の影響},
year = 1988,
journal = {水産増殖},
volume = {46},
number = 1,
pages = {57-65},
langid = "japanese"
}


@book{soka2013,
author = {創価大学 and 新上五島町役場},
sortname = {{Soka Daigaku} and {Shinkamigotomachiyakuba}},
year = 2013,
title = {新上五島町周辺における栄養塩調査研究成果報告書},
volume = 40,
langid = "japanese"
}


@article{terawaki1990,
author = {寺脇,利信},
sortname = {Terawaki, Toshinobu},
year = 1990,
title = {大型海藻アラメ・カジメ類の生育制限要因に関する現地調査},
journal = {海洋開発論文集},
volume = 6,
pages = {37-42},
langid = "japanese"
}

@book{nagasakisuisan2012,
author = {長崎県水産部},
sortname = {Nagasakikensuisanbu},
year = {2012},
title = {長崎県における磯焼け対策ガイドライン},
langid = "japanese"
}

@article{fuse1962,
author = {布施,慎一郎},
sortname = {Fuse, Shinichiro},
year = 1962,
title = {ガラモ場における動物群集},
journal = {生理生態},
volume = 11,
pages = {23-45},
langid = "japanese"
}


@article{douke2004,
author= {道家,章生 and 葭矢,護 and 井谷,匡志},
sortname = {Douke, Akio and Yoshiya, Mamoru and Itani, Masahi},
title="植食動物の摂食によるホンダワラ科海藻の消長",
journal="京都府立海洋センター研究報告",
year="2004",
volume=26,
pages="15-20",
langid = "japanese"
}

@article{murase2001,
author = {村瀬,昇},
sortname = {Murase, Noboru},
year = 2001,
title = {褐藻ノコギリモク \textit{Sargassum macrocarpum} C. Agardh の生態学的研究},
journal = {水産大学校研究報告},
volume = 49,
pages = {131-212},
langid = "japanese"
}

@article{yoshida1997a,
author = {吉田,吾郎 and 寺脇,利信 and 吉川, 浩二},
sorntame = {Yoshida, Goro and Terawaki, Toshinobu and Yoshikawa, Koji},
year = 1997,
title = {広島湾大野瀬戸における秋に成熟するアカモクの初期生長と減耗},
journal = {南西海区水産研究所研究報告},
volume = 30,
pages = {135-135},
langid = "japanese"
}

@article{yoshida1997b,
author = {吉田,吾郎 and 新井,章吾 and 寺脇,利信},
sortname = {Yoshida, Goro and Arai, Shogo and Terawaki, Toshinobu},
year = 1997,
title = {広島湾大野瀬戸産ノコギリモク幼体の成長に及ぼす光量・水温の影響},
journal = {南西海区水産研究所研究報告},
volume = 30,
pages = {137-145},
langid = "japanese"
}

@article{yoshida2011,
author = {吉田,五郎 and 新村,陽子 and 樽谷,賢治 and 浜口,昌巳},
sortname = {Yoshida, Goro and Niimura, Yoko and Tarutani, Kenji and Hamaguchi, Masami},
year = 2011,
title = {海藻類の一次生産と栄養塩の関係に関する研究レビュー {-- および瀬戸内海藻場の栄養塩環境の相対評価 --}},
journal = {水産総合研究センター研究報告},
volume = {34},
pages = {1-31},
langid = "japanese"
}


@article{yoneda2008,
author = {米田,佳弘 and 藤田,種美 and 中原,紘之 and 金子,健司 and 豊原,哲彦},
sortname = {Yoneda},
year = {2008},
title = {大阪湾の人工護岸における高密度に生息するウニ類の摂食による海藻群落の生産量の増大},
journal = {日本水産学会誌},
volume = {74},
pages = {45-54},
langid = "japanese"
}

@article{watanuki2015,
author = {綿貫,啓},
sortname = {Watanuki, Akira},
year = 2015,
title = {磯焼け対策における栄養塩供給対策の限界},
journal = {水産工学},
volume = 51,
pages =  {247-252},
langid = "japanese"
}

