@article{Verhulst1838,
author = {Verhulst, P F},
journal = {Correspondance Math{\'{e}}matique et Physique},
pages = {113--126},
title = {{Notice sur la loi que la population suit dans son accroissement}},
volume = {10},
year = {1838}
}
@article{Whittaker1975,
author = {Whittaker, R. H. and Niering, W. A.},
doi = {10.2307/1936291},
issn = {00129658},
journal = {Ecology},
number = {4},
pages = {771--790},
title = {{Vegetation of the Santa Catalina Mountains, Arizona. V. Biomass, Production, and Diversity along the Elevation Gradient}},
url = {http://doi.wiley.com/10.2307/1936291},
volume = {56},
year = {1975}
}

@article{Chapman1978,
author = {Chapman, A. R. O. and Craigie, J. S.},
doi = {10.1007/BF00390682},
issn = {0025-3162},
journal = {Marine Biology},
number = {3},
pages = {209--213},
title = {{Seasonal growth in \textit{Laminaria longicuris}: Relations with reserve carbohydrate storage and production}},
url = {http://link.springer.com/10.1007/BF00390682},
volume = {46},
year = {1978}
}
@article{Vance1979,
author = {Vance, Richard R.},
doi = {10.2307/1936074},
issn = {00129658},
journal = {Ecology},
number = {3},
pages = {537--546},
title = {{Effects of grazing by the sea urchin, \textit{Centrostephanus coronatus}, on prey community composition}},
url = {http://doi.wiley.com/10.2307/1936074},
volume = {60},
year = {1979}
}
@article{Scheibling1984,
author = {Scheibling, R. E. and Stephenson, R. L.},
doi = {10.1007/BF00394695},
issn = {0025-3162},
journal = {Marine Biology},
number = {2},
pages = {153--164},
title = {{Mass mortality of \textit{Strongylocentrotus droebachiensis} (Echinodermata: Echinoidea) off Nova Scotia, Canada}},
url = {http://link.springer.com/10.1007/BF00394695},
volume = {78},
year = {1984}
}
@article{Zimmerman1985,
author = {Zimmerman, Richard C. and Robertson, Deborah L.},
doi = {10.4319/lo.1985.30.6.1298},
issn = {00243590},
journal = {Limnology and Oceanography},
number = {6},
pages = {1298--1302},
title = {{Effects of El Ni{\~{n}}o on local hydrography and growth of the giant kelp, \textit{Macrocystis pyrifera}, at Santa Catalina Island, California1}},
url = {http://doi.wiley.com/10.4319/lo.1985.30.6.1298},
volume = {30},
year = {1985}
}
@article{Hales1989,
author = {Hales, J. M. and Fletcher, R. L.},
doi = {10.1515/botm.1989.32.2.167},
issn = {0006-8055},
journal = {Botanica Marina},
number = {2},
pages = {167--176},
title = {{Studies on the Recently Introduced Brown Alga \textit{Sargassum muticum} (Yendo) Fensholt}},
url = {https://www.degruyter.com/view/j/botm.1989.32.issue-2/botm.1989.32.2.167/botm.1989.32.2.167.xml},
volume = {32},
year = {1989}
}
@article{Scheibling1990,
author = {Scheibling, RE and Raymond, BG},
doi = {10.3354/meps063127},
issn = {0171-8630},
journal = {Marine Ecology Progress Series},
pages = {127--145},
title = {{Community dynamics on a subtidal cobble bed following mass mortalities of sea urchins}},
url = {http://www.int-res.com/articles/meps/63/m063p127.pdf},
volume = {63},
year = {1990}
}
@article{Suzuki1990,
author = {Suzuki, Reiko and Ishimaru, Takashi},
doi = {10.1007/BF02125580},
issn = {0029-8131},
journal = {Journal of the Oceanographical Society of Japan},
number = {4},
pages = {190--194},
title = {{An improved method for the determination of phytoplankton chlorophyll using N, N-dimethylformamide}},
url = {http://link.springer.com/10.1007/BF02125580},
volume = {46},
year = {1990}
}
@article{Welschmeyer1994,
author = {Welschmeyer, Nicholas A.},
doi = {10.4319/lo.1994.39.8.1985},
issn = {00243590},
journal = {Limnology and Oceanography},
number = {8},
pages = {1985--1992},
title = {{Fluorometric analysis of chlorophyll a in the presence of chlorophyll b and pheopigments}},
url = {http://doi.wiley.com/10.4319/lo.1994.39.8.1985},
volume = {39},
year = {1994}
}
@article{Pedersen1996,
author = {Pedersen, MF and Borum, Jens},
doi = {10.3354/meps142261},
issn = {0171-8630},
journal = {Marine Ecology Progress Series},
keywords = {Competition,Marine algae,Nutrient dynamics,Nutrients},
pages = {261--272},
title = {{Nutrient control of algal growth in estuarine waters. Nutrient limitation and the importance of nitrogen requirements and nitrogen storage among phytoplankton and species of macroalgae}},
volume = {142},
year = {1996}
}
@article{Gillooly2001b,
author = {Gillooly, J. F.},
doi = {10.1126/science.1061967},
issn = {00368075},
journal = {Science},
number = {5538},
pages = {2248--2251},
pmid = {11567137},
title = {{Effects of Size and Temperature on Metabolic Rate}},
url = {https://www.sciencemag.org/lookup/doi/10.1126/science.1061967},
volume = {293},
year = {2001}
}
@article{Yatsuya2005,
author = {Yatsuya, Kousuke and Nishigaki, Tomokazu and Douke, Akio and Wada, Yozo},
doi = {10.1111/j.1444-2906.2005.01069.x},
issn = {0919-9268},
journal = {Fisheries Science},
keywords = {Annual net production,Myagropsis myagroides,Sargassum macrocarpum,Sargassum patens,Sargassum piluliferum,Sargassum siliquastrum,Stratified clip technique,Wakasa Bay},
number = {5},
pages = {1098--1106},
title = {{Annual net production of the five Sargassaceae species in Yoro, western Wakasa Bay, Sea of Japan}},
url = {http://link.springer.com/10.1111/j.1444-2906.2005.01069.x},
volume = {71},
year = {2005}
}
@article{Falter2008,
author = {Falter, James L. and Lowe, Ryan J. and Atkinson, Marlin J. and Monismith, Stephen G. and Schar, Daniel W.},
doi = {10.1029/2007JC004663},
issn = {0148-0227},
journal = {Journal of Geophysical Research},
number = {C7},
pages = {C07035},
title = {{Continuous measurements of net production over a shallow reef community using a modified Eulerian approach}},
url = {http://doi.wiley.com/10.1029/2007JC004663},
volume = {113},
year = {2008}
}
@article{Duarte2010c,
author = {Duarte, Carlos M. and Marb{\`{a}}, N{\'{u}}ria and Gacia, Esperan{\c{c}}a and Fourqurean, James W. and Beggins, Jeff and Barr{\'{o}}n, Cristina and Apostolaki, Eugenia T.},
doi = {10.1029/2010GB003793},
issn = {08866236},
journal = {Global Biogeochemical Cycles},
number = {4},
title = {{Seagrass community metabolism: Assessing the carbon sink capacity of seagrass meadows}},
url = {http://doi.wiley.com/10.1029/2010GB003793},
volume = {24},
year = {2010}
}
@article{Gao2013,
author = {Gao, Xu and Agatsuma, Yukio and Taniguchi, Kazuya},
doi = {10.1007/s10499-012-9533-5},
issn = {0967-6120},
journal = {Aquaculture International},
keywords = {Cultivation,Gametophyte,Growth,Kelp,Maturation,Nitrate fertilization,Seawater temperature,Sporophyte,Undaria pinnatifida},
number = {1},
pages = {53--64},
title = {{Effect of nitrate fertilization of gametophytes of the kelp Undaria pinnatifida on growth and maturation of the sporophytes cultivated in Matsushima Bay, northern Honshu, Japan}},
url = {http://link.springer.com/10.1007/s10499-012-9533-5},
volume = {21},
year = {2013}
}

@Manual{rcoreteam,
   title = {R: A Language and Environment for Statistical Computing},
   author = {{R Core Team}},
  organization = {R Foundation for Statistical Computing},
   address = {Vienna, Austria},
   year = {2015},
    url = {https://www.R-project.org/},
  }


@Misc{rstan,
    title = {{RStan}: the {R} interface to {Stan}},
    author = {{Stan Development Team}},
    note = {R package version 2.9},
    year = {2015},
    url = {http://mc-stan.org/},
  }

